<record xmlns:xsi="http://www.w3.org/2001/XMLSchema-instance" xmlns="http://www.loc.gov/MARC21/slim" xsi:schemaLocation="http://www.loc.gov/MARC21/slim http://www.loc.gov/standards/marcxml/schema/MARC21slim.xsd">

  <leader>01647nab a2200169   4500</leader>
  <controlfield tag="005">20160328163237.0</controlfield>
  <controlfield tag="008">150903b2003    cr f|||| |||| 00| 0 spa d</controlfield>
  <datafield ind2=" " tag="090" ind1=" ">
    <subfield code="a">REVIS 06.02.01</subfield>
  </datafield>
  <datafield tag="100" ind1="1" ind2=" ">
    <subfield code="9">198</subfield>
    <subfield code="a">González Salazar, Luis Enrique</subfield>
  </datafield>
  <datafield ind2="3" tag="245" ind1="1">
    <subfield code="a">El poder de la organización informal en la gestión administrativa /</subfield>
    <subfield code="c"> Luis Enrique González Salazar</subfield>
  </datafield>
  <datafield ind2=" " ind1=" " tag="260">
    <subfield code="a">San José, Costa Rica :</subfield>
    <subfield code="b">Editorial Universidad de Costa Rica,</subfield>
    <subfield code="c">2003</subfield>
  </datafield>
  <datafield ind1=" " tag="300" ind2=" ">
    <subfield code="a">páginas 187-195</subfield>
  </datafield>
  <datafield tag="520" ind1=" " ind2=" ">
    <subfield code="a">En este artículo se hace un análisis etnográfico del poder de la organización informal en las organizaciones educativas frente al contexto formal que representa la figura del administrador o la administradora educativa de las direcciones cinco del circuito 01 de la Dirección Regional de Educación de Alajuela.
Se propone una revisión profunda por parte del director o la directora sobre el rol y la función que desempeña la organización informal, pistas para su caracterización, cinco juegos de poder que juegan, los motivos y afiliaciones de los grupos informales del personal docente y administrativo de las instituciones del circuito 01 de la DREA.
Pistas y sugerencias que permiten al administrador educativo liberar el potencial  energético de la organización informal, y así, establecer una nueva manera de sinergiar esfuerzos para el logro de los objetivos institucionales, usando como base el poder de la organización informal</subfield>
  </datafield>
  <datafield ind1="1" tag="650" ind2="4">
    <subfield code="9">1</subfield>
    <subfield code="a">EDUCACIÓN</subfield>
  </datafield>
  <datafield tag="773" ind1="0" ind2=" ">
    <subfield code="d">San José, Costa Rica : Editorial de la Universidad de Costa Rica, 1997-</subfield>
    <subfield code="o">R0190</subfield>
    <subfield code="t">EDUCACIÓN: Revista de la Universidad de Costa Rica</subfield>
    <subfield code="g">Vol.27, no.1  (2003)</subfield>
  </datafield>
  <datafield tag="942" ind1=" " ind2=" ">
    <subfield code="2">z</subfield>
    <subfield code="c">03</subfield>
  </datafield>
  <datafield ind2=" " tag="999" ind1=" ">
    <subfield code="c">2847</subfield>
    <subfield code="d">2847</subfield>
  </datafield>
</record>